<?xml version="1.0" encoding="UTF-8" standalone="no"?>
<record xmlns="http://www.loc.gov/MARC21/slim">
    <leader>00000cam a2200000 i 4500</leader>
    <controlfield tag="001">843923998</controlfield>
    <controlfield tag="008">130705s2012    mx a     b    000 0 spa c</controlfield>
    <datafield ind1=" " ind2=" " tag="010">
      <subfield code="a">  2013419471</subfield>
    </datafield>
    <datafield ind1=" " ind2=" " tag="040">
      <subfield code="a">CGU</subfield>
      <subfield code="b">eng</subfield>
      <subfield code="e">rda</subfield>
      <subfield code="c">CGU</subfield>
      <subfield code="d">DLC</subfield>
      <subfield code="d">YUS</subfield>
      <subfield code="d">NLGGC</subfield>
      <subfield code="d">OCLCF</subfield>
      <subfield code="d">ZCU</subfield>
      <subfield code="d">OCL</subfield>
      <subfield code="d">GBVCP</subfield>
      <subfield code="d">OCLCQ</subfield>
      <subfield code="d">PUL</subfield>
      <subfield code="d">OCLCA</subfield>
    </datafield>
    <datafield ind1=" " ind2=" " tag="020">
      <subfield code="a">9786074624076</subfield>
    </datafield>
    <datafield ind1=" " ind2=" " tag="020">
      <subfield code="a">6074624070</subfield>
    </datafield>
    <datafield ind1="1" ind2=" " tag="029">
      <subfield code="a">GBVCP</subfield>
      <subfield code="b">751556203</subfield>
    </datafield>
    <datafield ind1="1" ind2=" " tag="029">
      <subfield code="a">NLGGC</subfield>
      <subfield code="b">364419644</subfield>
    </datafield>
    <datafield ind1=" " ind2=" " tag="042">
      <subfield code="a">pcc</subfield>
    </datafield>
    <datafield ind1=" " ind2=" " tag="043">
      <subfield code="a">n-mx---</subfield>
    </datafield>
    <datafield ind1="0" ind2="0" tag="050">
      <subfield code="a">F1386.3</subfield>
      <subfield code="b">.H588 2012</subfield>
    </datafield>
    <datafield ind1="0" ind2="0" tag="245">
      <subfield code="a">Historia política de la ciudad de México (desde su fundación hasta el año 2000) /</subfield>
      <subfield code="c">Ariel Rodríguez Kuri (coordinador).</subfield>
    </datafield>
    <datafield ind1=" " ind2=" " tag="250">
      <subfield code="a">Primera edición.</subfield>
    </datafield>
    <datafield ind1=" " ind2="1" tag="264">
      <subfield code="a">México, D.F. :</subfield>
      <subfield code="b">El Colegio de México,</subfield>
      <subfield code="c">2012.</subfield>
    </datafield>
    <datafield ind1=" " ind2=" " tag="300">
      <subfield code="a">563 pages :</subfield>
      <subfield code="b">illustrations ;</subfield>
      <subfield code="c">22 cm</subfield>
    </datafield>
    <datafield ind1=" " ind2=" " tag="336">
      <subfield code="a">text</subfield>
      <subfield code="b">txt</subfield>
      <subfield code="2">rdacontent</subfield>
    </datafield>
    <datafield ind1=" " ind2=" " tag="337">
      <subfield code="a">unmediated</subfield>
      <subfield code="b">n</subfield>
      <subfield code="2">rdamedia</subfield>
    </datafield>
    <datafield ind1=" " ind2=" " tag="338">
      <subfield code="a">volume</subfield>
      <subfield code="b">nc</subfield>
      <subfield code="2">rdacarrier</subfield>
    </datafield>
    <datafield ind1=" " ind2=" " tag="504">
      <subfield code="a">Includes bibliographical references.</subfield>
    </datafield>
    <datafield ind1=" " ind2="0" tag="651">
      <subfield code="a">Mexico City (Mexico)</subfield>
      <subfield code="x">History.</subfield>
    </datafield>
    <datafield ind1=" " ind2="0" tag="651">
      <subfield code="a">Mexico City (Mexico)</subfield>
      <subfield code="x">Politics and government.</subfield>
    </datafield>
    <datafield ind1=" " ind2="7" tag="650">
      <subfield code="a">Politics and government</subfield>
      <subfield code="2">fast</subfield>
      <subfield code="0">(OCoLC)fst01919741</subfield>
    </datafield>
    <datafield ind1=" " ind2="7" tag="651">
      <subfield code="a">Mexico</subfield>
      <subfield code="z">Mexico City.</subfield>
      <subfield code="2">fast</subfield>
      <subfield code="0">(OCoLC)fst01206137</subfield>
    </datafield>
    <datafield ind1=" " ind2="7" tag="651">
      <subfield code="a">Mexico.</subfield>
      <subfield code="2">gtt</subfield>
    </datafield>
    <datafield ind1=" " ind2="7" tag="650">
      <subfield code="a">Politik</subfield>
      <subfield code="2">gnd</subfield>
      <subfield code="0">(DE-601)104152206</subfield>
    </datafield>
    <datafield ind1=" " ind2="7" tag="651">
      <subfield code="a">Mexiko</subfield>
      <subfield code="2">gnd</subfield>
      <subfield code="0">(DE-601)106229702</subfield>
    </datafield>
    <datafield ind1=" " ind2="7" tag="655">
      <subfield code="a">History.</subfield>
      <subfield code="2">fast</subfield>
      <subfield code="0">(OCoLC)fst01411628</subfield>
    </datafield>
    <datafield ind1="1" ind2=" " tag="700">
      <subfield code="a">Rodríguez Kuri, Ariel.</subfield>
    </datafield>
  </record>
